@article{Sivells47,
    author={James C. Sivells and Robert H. Neely},
    title={Method for calculating wing characteristics by lifting line theory using nonlinear section lift data},
    month={April},
    year={1947},
    journal={NACA Technical Note 1269}
}

@article{Neely,
    author={Robert H. Neely and Thomas V. Bollech and Gertrude C. Westrick and Robert R. Graham},
    title={Experimental and calculated characteristics of several NACA-44 series wings with aspect ratios of 8, 10 and 12 and taper ratios of 2.5 and 3.5},
    journal={NACA Technical Note 1270}
}

@book{Katz,
    author={Katz and Plotkin},
    title={Low Speed Aerodynamics, From wing theory to panel methods},
    publisher={Cambridge University Press},
    edition={2nd Ed.},
    year={2001}
}

@article{Maskew,
    author={Brian Maskew},
    title={Program VSAERO Theory Document},
    month={September},
    year={1987},
    journal={NASA Contractor Report 4023}
}

@phdthesis{Werner,
    author={Sophia Werner},
    title={Application of the Vortex Lattice Method to Yacht Sails},
    note={Master Thesis},
    month={July},
    year={2001}
}

@book{Etkin,
    author={B. Etkin and L.D. Reid},
    title={Dynamics of Flight: Stability and Control},
    publisher={Cambridge University Press},
    edition={John Wiley and Sons, New York, NY},
    year={1996}
}

@misc{DeperroisStab,
    author={André Deperrois},
    title={About stability analysis using XFLR5},
    note={Presentation document},
    month={June},
    year={2008},
    howpublished={\url{http://xflr5.sourceforge.net/docs/XFLR5_and_Stability_analysis.pdf}}
}

@misc{DeperroisNotions,
    author={André Deperrois},
    title={Quelques notions d'aérodynamique de base et leur calcul dans XFLR5},
    note={Presentation document},
    month={June},
    year={2008},
    howpublished={\url{http://xflr5.sourceforge.net/docs/Survol_Bases_Aero_et_XFLR5.pdf}}
}

@misc{DeperroisCtrlPol,
    author={André Deperrois},
    title={Illustration of the use of Control Polars in XFLR5},
    note={Presentation document},
    month={July},
    year={2008},
    howpublished={\url{http://xflr5.sourceforge.net/docs/Control_analysis.pdf}}
}

@misc{Deperrois2010,
    author={André Deperrois},
    title={Stability and Control analysis in XFLR5 v6},
    note={Presentation document},
    month={September},
    year={2010},
    howpublished={\url{http://xflr5.sourceforge.net/docs/XFLR5_and_Stability_analysis.pdf}}
}

@misc{DeperroisResults,
    author={André Deperrois},
    title={Results vs. prediction},
    note={Presentation document},
    month={July},
    year={2008},
    howpublished={\url{http://xflr5.sourceforge.net/docs/Results_vs_Prediction.pdf}}
}

@misc{Drela,
    author={Mark Drela and Harold Youngren},
    title={Athena Vortex Lattice (AVL)},
    howpublished={\url{http://web.mit.edu/drela/Public/web/avl/}}
}
